<?xml version="1.0" encoding="UTF-8"?><record xmlns="http://www.loc.gov/MARC21/slim" xmlns:cinclude="http://apache.org/cocoon/include/1.0" xmlns:zs="http://www.loc.gov/zing/srw/">
  <leader>00505cz  a2200145n  4500</leader>
  <controlfield tag="001">n  94076032 </controlfield>
  <controlfield tag="003">DLC</controlfield>
  <controlfield tag="005">20160127134645.0</controlfield>
  <controlfield tag="008">940809n| azannaab           |n aaa      </controlfield>
  <datafield tag="010" ind1=" " ind2=" ">
    <subfield code="a">n  94076032 </subfield>
  </datafield>
  <datafield tag="040" ind1=" " ind2=" ">
    <subfield code="a">DLC</subfield>
    <subfield code="b">eng</subfield>
    <subfield code="c">DLC</subfield>
    <subfield code="e">rda</subfield>
    <subfield code="d">DLC</subfield>
  </datafield>
  <datafield tag="046" ind1=" " ind2=" ">
    <subfield code="f">19501013</subfield>
  </datafield>
  <datafield tag="100" ind1="1" ind2=" ">
    <subfield code="a">Bochner, Arthur P.</subfield>
  </datafield>
  <datafield tag="670" ind1=" " ind2=" ">
    <subfield code="a">Understanding family communication, c1995:</subfield>
    <subfield code="b">CIP t.p. (Arthur P. Bochner; affil. Univ. of Southern Florida)</subfield>
  </datafield>
  <datafield tag="670" ind1=" " ind2=" ">
    <subfield code="a">Ethnographically speaking, 2001:</subfield>
    <subfield code="b">CIP t.p. (Arthur P. Bochner) data sheet (b. 10-13-50)</subfield>
  </datafield>
</record>